@preamble{ "\newcommand{\noopsort}[1]{} "
	# "\newcommand{\printfirst}[2]{#1} "
	# "\newcommand{\singleletter}[1]{#1} "
	# "\newcommand{\switchargs}[2]{#2#1} " }

@misc{wiki:dna,
  title = {DNA},
  howpublished = {\url{https://en.wikipedia.org/wiki/DNA}},
  note = {Accessed: 15.5.2017}
}

@article{lopandic2018saccharomyces,
  title={Saccharomyces interspecies hybrids as model organisms for studying yeast adaptation to stressful environments},
  author={Lopandic, Ksenija},
  journal={Yeast},
  volume={35},
  number={1},
  pages={21--38},
  year={2018},
  publisher={Wiley Online Library}
}


@misc{snp,
  title = {SNPs},
  howpublished = {\url{https://ghr.nlm.nih.gov/primer/genomicresearch/snp}},
  note = {Accessed: 18.5.2020}
}

@inproceedings{flajolet2007hyperloglog,
  title={Hyperloglog: the analysis of a near-optimal cardinality estimation algorithm},
  author={Flajolet, Philippe and Fusy, {\'E}ric and Gandouet, Olivier and Meunier, Fr{\'e}d{\'e}ric},
  year={2007}
}

@article{tarkoma2011theory,
  title={Theory and practice of bloom filters for distributed systems},
  author={Tarkoma, Sasu and Rothenberg, Christian Esteve and Lagerspetz, Eemil},
  journal={IEEE Communications Surveys \& Tutorials},
  volume={14},
  number={1},
  pages={131--155},
  year={2011},
  publisher={IEEE}
}

@article{luo2003spectral,
  title={Spectral embedding of graphs},
  author={Luo, Bin and Wilson, Richard C and Hancock, Edwin R},
  journal={Pattern recognition},
  volume={36},
  number={10},
  pages={2213--2230},
  year={2003},
  publisher={Elsevier}
}

@inproceedings{zelnik2005self,
  title={Self-tuning spectral clustering},
  author={Zelnik-Manor, Lihi and Perona, Pietro},
  booktitle={Advances in neural information processing systems},
  pages={1601--1608},
  year={2005}
}

@misc{clustering_lib,
  title = {LibClustering},
  howpublished = {\url{https://github.com/pthimon/clustering}},
  note = {Accessed: 18.5.2020}
}

@article{kchouk2017generations,
  title={Generations of sequencing technologies: from first to next generation},
  author={Kchouk, Mehdi and Gibrat, Jean-Fran{\c{c}}ois and Elloumi, Mourad},
  journal={Biology and Medicine},
  volume={9},
  number={3},
  year={2017},
  publisher={HATASO Enterprises LLC}
}

@article{huang2012art,
  title={ART: a next-generation sequencing read simulator},
  author={Huang, Weichun and Li, Leping and Myers, Jason R and Marth, Gabor T},
  journal={Bioinformatics},
  volume={28},
  number={4},
  pages={593--594},
  year={2012},
  publisher={Oxford University Press}
}

@article{zhang2019pass,
  title={PaSS: a sequencing simulator for PacBio sequencing},
  author={Zhang, Wenmin and Jia, Ben and Wei, Chaochun},
  journal={BMC bioinformatics},
  volume={20},
  number={1},
  pages={1--7},
  year={2019},
  publisher={BioMed Central}
}

@article{yang2017nanosim,
  title={NanoSim: nanopore sequence read simulator based on statistical characterization},
  author={Yang, Chen and Chu, Justin and Warren, Ren{\'e} L and Birol, Inan{\c{c}}},
  journal={GigaScience},
  volume={6},
  number={4},
  pages={gix010},
  year={2017},
  publisher={Oxford University Press}
}

@misc{nanosimh,
  title = {Nanosim-H},
  howpublished = {\url{https://pypi.org/project/NanoSim-H/}},
  note = {Accessed: 18.5.2020}
}

@misc{diameter,
  title = {Tree diameter},
  howpublished = {\url{https://www.geeksforgeeks.org/diameter-n-ary-tree-using-bfs/}},
  note = {Accessed: 18.5.2020}
}

@article{massung2005dna,
  title={DNA Amplification: Current Technologies and Applications},
  author={Massung, Robert F},
  journal={Emerging infectious diseases},
  volume={11},
  number={2},
  pages={357},
  year={2005},
  publisher={Centers for Disease Control and Prevention}
}

@article{aird2011analyzing,
  title={Analyzing and minimizing PCR amplification bias in Illumina sequencing libraries},
  author={Aird, Daniel and Ross, Michael G and Chen, Wei-Sheng and Danielsson, Maxwell and Fennell, Timothy and Russ, Carsten and Jaffe, David B and Nusbaum, Chad and Gnirke, Andreas},
  journal={Genome biology},
  volume={12},
  number={2},
  pages={R18},
  year={2011},
  publisher={BioMed Central}
}

@article{marccais2011fast,
  title={A fast, lock-free approach for efficient parallel counting of occurrences of k-mers},
  author={Mar{\c{c}}ais, Guillaume and Kingsford, Carl},
  journal={Bioinformatics},
  volume={27},
  number={6},
  pages={764--770},
  year={2011},
  publisher={Oxford University Press}
}

@misc{megablast,
  title = {MegaBlast},
  howpublished = {\url{https://blast.ncbi.nlm.nih.gov/Blast.cgi}},
  note = {Accessed: 18.5.2020}
}

@misc{snp_img,
    author = {{Clinical Scientist}},
    title = {Population Health Research and Disease Management â€“ The Frontier},
    year = {2015},
    note = {Accessed: 18.5.2020},
    url = {https://clinicalscientist.files.wordpress.com/2015/05/snps.jpg}
}

@article{koren2018complete,
  title={Complete assembly of parental haplotypes with trio binning},
  author={Koren, Sergey and Rhie, Arang and Walenz, Brian P and Dilthey, Alexander T and Bickhart, Derek M and Kingan, Sarah B and Hiendleder, Stefan and Williams, John L and Smith, Timothy PL and Phillippy, Adam},
  journal={BioRxiv},
  pages={271486},
  year={2018},
  publisher={Cold Spring Harbor Laboratory}
}

@misc{cusparse,
  title = {cuSPARSE, the CUDA sparse matrix library},
  howpublished = {\url{https://docs.nvidia.com/cuda/cusparse/index.html}},
  note = {Accessed: 18.5.2020}
}


@misc{cuda,
  title = {CUDA - high performance computing},
  howpublished = {\url{https://developer.nvidia.com/cuda-zone}},
  note = {Accessed: 18.5.2020}
}